<?xml version="1.0" encoding="utf-8"?>
<record xmlns="http://www.loc.gov/MARC21/slim" xmlns:xsi="http://www.w3.org/2001/XMLSchema-instance" xsi:schemaLocation="http://www.loc.gov/MARC21/slim http://www.loc.gov/standards/marcxml/schema/MARC21slim.xsd">
	<leader>     nam a22     Mi 4500</leader>
	<controlfield tag="001">801023</controlfield>
	<controlfield tag="003">NjP</controlfield>
	<controlfield tag="006">m        d        </controlfield>
	<controlfield tag="007">cr cn |||m|||a</controlfield>
	<controlfield tag="008">200430s1876    iq      o     000 0 ara d</controlfield>
	<datafield ind1=" " ind2=" " tag="040">
		<subfield code="a">ZYU</subfield>
		<subfield code="b">ara</subfield>
		<subfield code="e">rda</subfield>
		<subfield code="c">ZYU</subfield>
	</datafield>
	<datafield ind1=" " ind2=" " tag="043">
		<subfield code="a">a-tu---</subfield>
	</datafield>
	<datafield ind1="1" ind2=" " tag="100">
		<subfield code="6">880-01</subfield>
		<subfield code="a">Ālūsī, Maḥmūd ibn ʻAbd Allāh,</subfield>
		<subfield code="d">1802 or 1803-1853 or 1854.</subfield>
	</datafield>
	<datafield ind1="1" ind2="0" tag="240">
		<subfield code="6">880-02</subfield>
		<subfield code="a">Nashwat al-shumūl fī al-safar ilá Islāmbūl riḥlat ʻallāmat ʻaṣrihi wa-fahhāmat Miṣr, khātimat al-mufassirīn al-marḥūm Abū al-Thanāʼ Shihāb al-Dīn al-sayyid Maḥmūd afandī al-shahīr bi-Alūsīźādah</subfield>
	</datafield>
	<datafield ind1="1" ind2="0" tag="245">
		<subfield code="6">880-03</subfield>
		<subfield code="a">Hādhā kitāb nashwat al-shumūl fī al-safar ilá Islāmbūl riḥlat ʻallāmat ʻaṣrihi wa-fahhāmat Miṣr, khātimat al-mufassirīn al-marḥūm Abū al-Thanāʼ Shihāb al-Dīn al-sayyid Maḥmūd afandī al-shahīr bi-Alūsī źādah.</subfield>
	</datafield>
	<datafield ind1="3" ind2=" " tag="246">
		<subfield code="6">880-04</subfield>
		<subfield code="a">Nashwat al-shumūl fī al-safar ilá Islāmbūl riḥlat ʻallāmat ʻaṣrihi wa-fahhāmat Miṣr, khātimat al-mufassirīn al-marḥūm Abū al-Thanāʼ Shihāb al-Dīn al-sayyid Maḥmūd afandī al-shahīr bi-Alūsīźādah</subfield>
	</datafield>
	<datafield ind1=" " ind2=" " tag="260">
		<subfield code="6">880-05</subfield>
		<subfield code="a">Baghdād :</subfield>
		<subfield code="b">Maṭbaʻat Wilāyat,</subfield>
		<subfield code="c">1293 [1876 or 1877]</subfield>
	</datafield>
	<datafield ind1=" " ind2=" " tag="300">
		<subfield code="a">online resource (136 pages)</subfield>
	</datafield>
	<datafield ind1=" " ind2=" " tag="336">
		<subfield code="a">text</subfield>
		<subfield code="2">rdacontent</subfield>
	</datafield>
	<datafield ind1=" " ind2=" " tag="337">
		<subfield code="a">computer</subfield>
		<subfield code="2">rdamedia</subfield>
	</datafield>
	<datafield ind1=" " ind2=" " tag="338">
		<subfield code="a">online resource</subfield>
		<subfield code="2">rdacarrier</subfield>
	</datafield>
	<datafield ind1=" " ind2=" " tag="500">
		<subfield code="a">Part of the Arabic Collections Online (ACO) project, contributed by Princeton University Libraries.</subfield>
	</datafield>
	<datafield ind1=" " ind2=" " tag="533">
		<subfield code="a">Electronic reproduction.</subfield>
		<subfield code="b">New York, N.Y. :</subfield>
		<subfield code="c">New York University,</subfield>
		<subfield code="d">2020.</subfield>
		<subfield code="5">NNU</subfield>
	</datafield>
	<datafield ind1=" " ind2="0" tag="651">
		<subfield code="a">Istanbul (Turkey)</subfield>
		<subfield code="x">Description and travel.</subfield>
	</datafield>
	<datafield ind1=" " ind2="7" tag="650">
		<subfield code="a">Travel.</subfield>
		<subfield code="2">fast</subfield>
		<subfield code="0">(OCoLC)fst01155558</subfield>
	</datafield>
	<datafield ind1=" " ind2="7" tag="651">
		<subfield code="a">Turkey</subfield>
		<subfield code="z">Istanbul.</subfield>
		<subfield code="2">fast</subfield>
		<subfield code="0">(OCoLC)fst01204833</subfield>
	</datafield>
	<datafield ind1="2" ind2=" " tag="710">
		<subfield code="a">Princeton University.</subfield>
		<subfield code="b">Library.</subfield>
	</datafield>
	<datafield ind1="0" ind2=" " tag="730">
		<subfield code="a">Arabic Collections Online.</subfield>
	</datafield>
	<datafield ind1="0" ind2="8" tag="776">
		<subfield code="i">Print version:</subfield>
		<subfield code="a">Ālūsī, Maḥmūd ibn ʻAbd Allāh, 1802 or 1803-1853 or 1854.</subfield>
		<subfield code="t">Hādhā kitāb nashwat al-shumūl fī al-safar ilá Islāmbūl riḥlat ʻallāmat ʻaṣrihi wa-fahhāmat Miṣr, khātimat al-mufassirīn al-marḥūm Abū al-Thanāʼ Shihāb al-Dīn al-sayyid Maḥmūd afandī al-shahīr bi-Alūsī źādah</subfield>
		<subfield code="w">(NjP)801023</subfield>
		<subfield code="w">(OCoLC)27983312</subfield>
	</datafield>
	<datafield ind1="4" ind2="0" tag="856">
		<subfield code="u">http://hdl.handle.net/2333.1/cnp5j12w</subfield>
	</datafield>
	<datafield ind1="1" ind2=" " tag="880">
		<subfield code="6">100-01</subfield>
		<subfield code="a">آلوسي، محمود بن عبد الله،</subfield>
		<subfield code="d">1802 or 1803-1853 or 1854.</subfield>
	</datafield>
	<datafield ind1="1" ind2="0" tag="880">
		<subfield code="6">240-02</subfield>
		<subfield code="a">نشوة الشمول في السفر الى اسلامبول رحلة علامة عصره وفهامة مصر، خاتمة المفسرين المرحوم ابو الثناء شهاب الدين السيد محمود افندي الشهير بلوسيزادة</subfield>
	</datafield>
	<datafield ind1="1" ind2="0" tag="880">
		<subfield code="6">245-03</subfield>
		<subfield code="a">هذا كتاب نشوة الشمول في السفر الى اسلامبول رحلة علامة عصره وفهامة مصر، خاتمة المفسرين المرحوم ابو الثناء شهاب الدين السيد محمود افندي الشهير بآلوسي زادة.</subfield>
	</datafield>
	<datafield ind1="3" ind2=" " tag="880">
		<subfield code="6">246-04</subfield>
		<subfield code="a">نشوة الشمول في السفر الى اسلامبول رحلة علامة عصره وفهامة مصر، خاتمة المفسرين المرحوم ابو الثناء شهاب الدين السيد محمود افندي الشهير بآلوسي زادة</subfield>
	</datafield>
	<datafield ind1=" " ind2=" " tag="880">
		<subfield code="6">260-05</subfield>
		<subfield code="a">بغداد :</subfield>
		<subfield code="b">مطبعة ولاية،</subfield>
		<subfield code="c">1293 [1876 or 1877]</subfield>
	</datafield>
	<datafield ind1=" " ind2=" " tag="959">
		<subfield code="a">NNU</subfield>
		<subfield code="b">WEB</subfield>
		<subfield code="c">GENI</subfield>
		<subfield code="t">0</subfield>
		<subfield code="m">Electronic access</subfield>
		<subfield code="s">01</subfield>
	</datafield>
	<datafield ind1=" " ind2=" " tag="999">
		<subfield code="i">NjP_801023</subfield>
		<subfield code="o">(OCoLC)ocm27983312</subfield>
		<subfield code="s">princeton_aco004115:</subfield>
		<subfield code="e">(ERROR-880)(ERROR-MISC)</subfield>
		<subfield code="s">princeton_aco004115:</subfield>
	</datafield>
</record>
